@article{Profesor,
    author = "Augusto Enrique Salazar",
    title = "{Taller - Nociones de la memoria del computador}. ({Espa√±ol})
    DOI = "https://classroom.google.com/c/MTQ0MDA0NjgzNzk4/a/MTQ0MTQxNTk0MTkw/details",
    keywords = "documento guia"
}