@online{webpage,
    author = "Funky Trug Jofo",
    title = "Funky Trug Jofo",
    url  = "https://www.tinkercad.com/things/42blW7w6s1d-funky-trug-jofo/editel",
    addendum = "(accessed: 14.09.2020)",
    keywords = "LCD"
}